2343 3197
2132 183 2186 229 11

204 294 333 338 semel
357 294 634 334 tantummodo
661 291 986 345 colloquentibus
1014 291 1187 343 addidit,
1213 292 1335 345 idque
1357 291 1495 332 statim
1519 292 1572 331 ab
1597 292 1712 331 initio
1732 292 2196 350 comment-riemann),

205 355 337 416 neque
364 356 507 403 iterum
533 366 691 414 postea.
746 360 827 405 Qui
862 361 969 401 enim
998 360 1389 413 Ἀπομνημονεύματα
1421 360 1606 400 scribere
1634 362 1905 414 suscipiebat,
1939 375 2072 403 nonne
2100 378 2194 405 eum

206 434 440 490 eispeotari
476 434 640 485 poterat
674 429 726 472 de
759 444 807 472 se
840 428 1040 484 imprimis
1071 427 1295 470 locuturum
1334 443 1531 483 suumque
1572 443 1663 470 cum
1698 428 1871 472 Socrate
1904 434 2193 475 commercium

205 504 502 558 descripturum
530 501 648 541 esse?
701 498 846 539 Nonne
873 497 981 538 enim
1009 511 1078 549 ea,
1113 510 1219 552 quae
1246 497 1325 551 ipsi
1354 511 1444 539 cum
1472 497 1607 554 aliquo
1633 497 1796 539 homine
1823 499 2013 542 collocuti
2041 515 2194 555 sumus,

203 573 401 614 facillime
433 570 630 611 memoria
662 567 908 607 retinemust
968 566 1027 606 At
1060 566 1289 618 Xenophon
1328 567 1371 606 in
1410 567 1619 620 plerisque
1652 567 1907 607 sermonibus
1941 582 1987 609 se
2019 569 2192 612 affuisse

206 641 370 694 quidem
399 639 519 690 dicit,
554 639 629 678 sed
662 640 814 676 mutum
848 635 999 688 ubique
1035 640 1078 675 et
1111 635 1335 675 auditorem
1369 636 1502 676 modo.
1558 634 1700 689 Neque
1733 635 1804 675 alii
1838 637 2085 689 scriptores,
2118 635 2188 692 qui

205 708 445 750 Socraticos
486 719 696 749 sermones
739 704 975 755 ediderunt,
1014 717 1141 757 saepe
1183 703 1467 757 Xenophontis
1508 703 1752 745 mentionem
1790 702 1945 746 fecisse
1986 707 2185 749 ridentur.

204 777 394 831 Excepto
430 777 536 818 enim
572 773 776 828 colloquio
813 772 998 813 Socratis
1026 777 1069 813 et
1094 772 1300 826 Aspasiae
1333 787 1423 814 cum
1449 771 1724 826 Xenophonte
1757 773 1927 828 eiusque
1954 789 2084 817 uxore
2112 776 2190 817 ha-

203 833 312 898 bito,
351 847 460 901 quod
493 843 727 886 Aeschines
761 841 1105 894 enarraveratu),
1145 842 1411 897 exceptisque
1445 843 1612 882 incertis
1646 842 1848 883 nonnullis
1882 845 2111 886 rumoribus
2124 848 2189 899 ²⁸),

203 915 307 956 nibil
339 916 458 956 nobis
492 912 697 967 cognitum
733 917 809 953 est.
862 911 908 951 ln
943 910 1115 951 Platone
1147 924 1266 962 vero,
1300 915 1345 951 ut
1374 911 1626 951 notissimum
1655 916 1738 963 est,
1771 925 1823 952 ne
1850 926 1996 953 nomen
2024 915 2186 967 quidem

203 983 490 1037 Xenophontis
522 979 803 1035 reperiturffi).
863 978 959 1025 Qua
991 980 1043 1020 de
1070 993 1116 1020 re
1150 971 1803 1034 quomodocunque‘iudicandum
1833 986 1916 1032 est,
1951 981 1994 1021 id
2022 982 2186 1036 quidem

205 1067 260 1095 ex
291 1051 578 1106 Xenophontis
611 1048 846 1090 narratione
880 1053 1015 1103 patet,
1055 1048 1107 1088 ab
1143 1053 1232 1089 arte
1260 1048 1426 1089 militari
1455 1053 1498 1090 et
1524 1049 1788 1103 imperatoria
1812 1063 1891 1091 non
1921 1064 2014 1092 esse
2042 1064 2135 1092 eum
2163 1066 2189 1093 a

202 1126 472 1175 praeceptore
492 1120 753 1172 prohibitum.
781 1117 838 1157 Ut
858 1118 1146 1170 philosophiae
1167 1118 1315 1157 studiis
1335 1131 1382 1157 se
1400 1119 1597 1169 traderet,
1616 1119 1854 1158 consiliatus
1867 1120 2000 1159 eidem
2021 1134 2102 1160 non
2124 1127 2190 1161 est

204 1189 419 1238 Socrates,
452 1189 527 1228 sed
555 1188 607 1228 ad
635 1187 758 1228 vitam
785 1187 892 1227 bene
919 1190 961 1226 et
989 1200 1044 1227 ex
1071 1186 1306 1238 praeceptis
1337 1187 1425 1226 suis
1460 1187 1679 1239 gerendam
1708 1200 1797 1227 eum
1826 1186 2067 1228 felicissimo
2096 1204 2188 1230 suo·

203 1271 324 1299 cessa
351 1256 545 1297 incitavit.
587 1255 707 1296 Unde
734 1254 854 1294 simul
881 1254 1154 1307 cognoscitur,
1181 1253 1223 1293 in
1251 1253 1572 1294 adolescentium
1593 1254 1727 1295 indole
1745 1260 1788 1295 et
1806 1260 1951 1295 natura
1970 1256 2190 1298 iudicanda

203 1312 417 1366 Socratem
445 1324 790 1377 sapientissimum
816 1322 962 1373 fuisse,
987 1323 1111 1375 idque
1137 1322 1352 1362 verissime
1380 1336 1474 1363 esse
1502 1336 1527 1362 a
1545 1322 1825 1375 Xenophonte
1852 1324 2003 1364 dictum
2017 1324 2080 1377 ᾖ).

389 1392 521 1434 Recte
555 1391 700 1446 igitur,
734 1391 814 1431 nisi
847 1388 990 1440 fallor,
1024 1403 1101 1430 sex
1134 1389 1237 1430 istos
1262 1390 1552 1445 Xenophontis
1580 1391 1632 1432 de
1660 1390 1835 1434 Socrate
1863 1392 2187 1435 Commentarios

200 1464 389 1516 legimus,
418 1463 454 1502 si
481 1465 648 1514 praeter
675 1465 815 1500 cetera
842 1459 1157 1511 Xenophontem
1186 1459 1228 1498 in
1247 1459 1299 1498 iis
1318 1460 1564 1513 quaerimus,
1591 1461 1626 1499 si
1647 1460 1898 1514 indagamus,
1926 1475 2031 1515 quae
2049 1464 2186 1503 studia

201 1531 504 1573 adolescentem
532 1529 728 1582 aluerint,
763 1529 909 1582 quibus
935 1528 1059 1569 rebus
1087 1528 1262 1569 animum
1290 1543 1491 1571 exornare
1518 1530 1713 1583 cupierit,
1740 1544 1858 1583 quam
1886 1530 2102 1572 utilitatem
2130 1547 2185 1573 ex

202 1600 390 1640 Socratis
417 1614 493 1640 usu
521 1604 563 1639 et
589 1598 883 1638 cousuetudine
910 1597 1130 1650 acceperit.
1186 1596 1252 1637 Ac
1278 1596 1465 1650 profecto
1493 1598 1631 1652 optimi
1659 1598 1920 1652 moribusque
1947 1603 1991 1640 et
2017 1601 2183 1653 ingenio

202 1669 451 1709 ornatissimi
480 1668 653 1707 hominis
681 1667 816 1719 imago
844 1667 924 1706 hoc
951 1666 1067 1719 quasi
1094 1680 1149 1706 ex
1166 1666 1335 1718 speculo
1362 1667 1500 1718 prodit
1527 1681 1657 1720 eaque
1686 1672 1727 1705 et
1753 1655 2185 1708 venerationenostra

200 1742 242 1778 et
271 1736 492 1778 iuventutis
520 1734 745 1776 imitatione
774 1735 1028 1788 dignissima,
1054 1738 1101 1776 ut
1125 1747 1207 1774 non
1234 1734 1388 1788 possim
1417 1748 1507 1775 cum
1534 1733 1731 1775 Dissenio
1760 1736 2005 1787 consentire,
2032 1737 2099 1791 qui
2129 1752 2186 1778 ex

201 1806 356 1846 scholis
383 1805 460 1844 hos
488 1806 539 1844 de
568 1805 742 1844 Socrate
769 1803 896 1843 libros
923 1807 968 1842 ut
994 1802 1251 1855 eiiceremus,
1277 1817 1355 1857 quo
1383 1804 1515 1843 minus
1543 1804 1748 1855 suaderet,
1773 1805 1844 1845 vix
1863 1818 1908 1845 se
1928 1805 2185 1860 cohibuit²⁸).

201 1874 321 1919 Quod
350 1878 394 1913 ut
421 1872 603 1926 patefiat,
629 1886 710 1912 non
739 1873 933 1913 debemus
960 1871 1167 1925 vulgarem
1195 1873 1317 1913 istum
1346 1887 1525 1914 errorem
1554 1872 1758 1913 hominum
1778 1874 1887 1926 apud
1906 1872 2026 1915 unum
2046 1889 2186 1915 omnes

199 1944 372 1985 virtutes
400 1941 679 1995 quaerentium
707 1934 943 1990 admittere,
977 1940 1051 1979 sed
1085 1939 1205 1994 quale
1240 1941 1449 1993 proprium
1485 1941 1561 1994 ipsi
1591 1954 1640 1980 ac
1668 1942 1878 1993 peculiare
1906 1942 2053 1983 donum
2083 1943 2185 1984 divi·

200 2013 310 2052 nitus
338 2012 474 2051 datum
503 2015 545 2051 et
571 2009 701 2062 ipsius
730 2008 945 2061 diligentia
971 2008 1175 2048 excultum
1211 2008 1285 2058 sit,
1320 2009 1530 2062 indagare.
1583 2009 1647 2049 Ac
1674 2010 1847 2061 primum
1875 2011 2038 2064 quidem
2070 2025 2185 2064 prae·

200 2081 313 2123 claro
340 2079 570 2132 Xenophon
606 2078 768 2118 dicendi
802 2090 955 2130 genere
989 2077 1041 2117 ab
1075 2077 1319 2129 antiquitate
1354 2078 1408 2117 ad
1441 2083 1621 2118 nostrum
1656 2092 1783 2132 usque
1810 2079 2015 2120 saeculum
2044 2095 2182 2120 omnes

198 2162 346 2203 paene,
373 2149 441 2202 qui
469 2148 558 2188 eius
585 2134 713 2187 libros
741 2146 980 2199 attigerunt,
1009 2145 1088 2186 sibi
1117 2145 1350 2189 conciliavit
1368 2150 1410 2187 et
1428 2146 1479 2187 ad
1498 2160 1692 2187 summam
1712 2147 2017 2188 admirationem
2034 2148 2181 2202 rapuit.

199 2218 265 2258 Ea
291 2219 380 2258 laus
408 2232 462 2257 ex
490 2222 607 2270 parte
634 2216 795 2269 quidem
813 2215 926 2255 urbis
946 2220 987 2255 et
1002 2216 1173 2268 patriae,
1200 2228 1253 2255 ex
1268 2220 1386 2268 parte
1399 2229 1498 2256 vero
1512 2217 1636 2256 etiam
1651 2217 1779 2269 ipsius
1794 2222 1858 2256 est
1875 2217 1950 2258 viri
1969 2222 2179 2269 praestan-

198 2287 362 2337 tissimi,
388 2287 457 2340 qui
486 2300 589 2338 quae
616 2285 752 2338 patria
778 2284 978 2325 afferebat
1004 2285 1229 2334 commoda,
1256 2284 1308 2324 iis
1337 2284 1648 2338 diligentissime
1675 2300 1770 2324 usus
1798 2291 1873 2326 est.
1915 2286 2003 2325 Nec
2030 2285 2181 2327 Socra-

198 2360 264 2396 tes
290 2356 437 2396 merito
466 2369 539 2395 suo
567 2353 818 2394 fraudandus
846 2357 929 2403 est,
963 2353 1031 2406 qui
1059 2353 1313 2394 sermonibus
1341 2353 1447 2405 suis,
1480 2354 1781 2393 iucundissimis
1816 2354 1905 2393 istis
1932 2368 2010 2394 nec
2037 2353 2179 2395 affiatu

383 2539 441 2579 23)
469 2538 647 2573 Memorab.
669 2538 701 2578 1,
723 2542 759 2579 3,
781 2542 802 2573 8
823 2549 893 2583 sqq.
936 2536 999 2572 Ubi
1020 2536 1205 2583 Xenophon
1233 2548 1305 2570 eum
1334 2547 1399 2570 non
1425 2537 1622 2579 nominavit,
1651 2549 1787 2582 quocum
1816 2539 1969 2572 Socrates
1999 2539 2180 2573 collocutus

198 2591 315 2630 fuerit,
344 2597 380 2623 ut
402 2589 467 2630 ln,
491 2594 526 2631 1,
556 2591 718 2625 interdum
744 2592 851 2635 possis
879 2592 918 2624 de
944 2592 1015 2635 ipso
1042 2590 1202 2631 scriptore
1224 2590 1379 2631 cogitare.
1423 2590 1485 2623 Sed
1509 2589 1588 2623 haec
1610 2592 1796 2624 coniectura
1819 2599 1855 2624 ut
1877 2600 1967 2625 esset
1988 2591 2179 2636 periculosa,

197 2643 245 2676 in
265 2649 317 2677 nt
337 2640 470 2674 inutilis.

381 2694 438 2734 2⁴)
461 2692 528 2726 cie.
549 2696 589 2728 de
609 2696 732 2728 invent.
754 2695 780 2735 1,
802 2698 855 2729 31.
939 2722 943 2725 -

383 2746 440 2786 a)
461 2750 499 2778 ut
518 2747 602 2790 apud
622 2746 721 2789 Diog.
743 2748 852 2781 Laert.
872 2748 912 2780 de
934 2749 1002 2780 vita
1022 2746 1173 2791 Xenoph.
1193 2746 1216 2788 θ
1235 2749 1268 2780 2.

382 2801 439 2838 ²⁶)
461 2797 605 2831 Boeekh.
628 2801 668 2833 de
689 2799 863 2840 simultate,
886 2811 979 2844 quam
1002 2800 1094 2833 Plato
1117 2810 1189 2832 eum
1201 2799 1289 2833 Xen.
1309 2800 1496 2834 exercuisse
1516 2799 1621 2833 fertur
1644 2812 1672 2845 p.
1696 2804 1739 2834 20
1758 2813 1808 2846 sq.

382 2851 439 2893 27)
459 2849 640 2885 Memor-ab.
663 2851 718 2892 lV,
741 2856 756 2887 1
781 2853 910 2897 saepius
932 2861 966 2886 et
987 2863 1046 2898 per
1066 2859 1170 2886 totum
1192 2851 1319 2886 librum.

383 2907 438 2945 2⁸)
459 2902 514 2937 Kl.
535 2902 645 2936 latein.
666 2906 731 2938 und
753 2906 908 2940 deutsche
932 2905 1096 2939 Schriften
1118 2917 1148 2950 p.
1168 2907 1210 2940 ⁵⁹
1231 2916 1302 2950 sqq.

1753 2966 1805 3007 2.
