2343 3197
2129 178 2160 222 ⁹

176 290 287 336 dere
298 291 542 344 videbatur,
551 290 702 349 cyrum
728 294 773 330 et
788 288 1046 350 Age‘fflau'tn:
1072 280 1198 328 musto
1216 286 1287 328 ille
1302 278 1575 328 confidentius
1586 287 1701 342 loqui
1721 291 1899 341 poterat,
1925 301 2056 344 eoque
2071 286 2161 328 ma·

174 350 302 405 iurem
319 352 441 403 fldem
459 359 707 411 merebatur,
725 359 841 413 quod
851 356 958 413 qu'ae
975 347 1152 398 dicenda
1171 346 1363 409 habebat,
1377 369 1460 397 non
1478 355 1774 397 adolescentuli
1792 351 1941 398 erant
1928 370 1970 397 ιιι
1990 356 2159 406 scholae

173 429 329 490 gremio
353 416 645 470 delitescentis
678 428 917 482 meritisque
950 425 1073 466 nullis
1100 426 1255 477 ornati,
1280 427 1356 466 sed
1381 425 1460 467 viri
1487 425 1629 466 laurea
1655 426 1918 478 imperatoria
1943 426 2159 479 conspicui

172 497 310 541 &orba
364 494 518 538 veram
546 508 639 537 esse
665 495 855 537 Socratis
882 494 1105 535 doctrinam
1131 493 1473 555 utilissimamque
1508 507 1597 534 cum
1631 493 1721 535 viro
1755 506 1910 534 summo
1942 499 2163 535 consuetu·

173 565 331 616 dinem,
378 566 573 617 eipertus
622 566 712 604 crat
755 562 988 616 Xenophon
1022 561 1215 617 famaque
1253 574 1349 614 sua,
1389 574 1509 617 quam
1557 561 1653 602 inde
1692 565 1838 603 nactus
1880 566 1989 611 erat,
2029 566 2158 603 tota-

176 631 394 673 G'raeciam
432 631 515 671 iam
556 631 809 683 impleverat.
876 629 983 670 Tam
1015 630 1132 669 firma
1171 635 1392 683 propterea
1430 630 1556 668 animi
1599 630 1689 668 eius
1725 629 1806 669 fuit
1840 630 2078 683 persuasio,
2115 635 2160 670 ut

171 697 415 742 labefactari
447 698 520 741 ill'a
550 699 758 754 minuique
790 698 901 740 nulla
924 699 1085 740 ratione
1112 703 1265 752 posset,
1318 696 1488 751 Iamque
1516 697 1636 745 illud,
1672 699 1724 738 de
1750 714 1829 753 quo
1857 704 1978 739 antea
2006 697 2161 739 dictum

174 770 259 820 cst,
275 768 370 809 “vim
403 756 580 822 aliquam
615 768 812 809 exercuit.
873 766 977 808 Nam
1011 767 1197 821 quoniam
1230 767 1299 807 uni
1336 765 1499 807 Socrati
1534 766 1801 819 adhaeserat,
1835 768 1957 822 eique
1999 780 2160 808 omnen

173 847 285 876 suam
310 832 480 894 ,vivendi
513 836 798 890 sentiendique
832 836 1032 876 rationem
1060 840 1269 889 acceptam
1296 834 1527 886 referebat,
1558 836 1610 875 ab
1639 836 1719 876 hoc
1751 840 1865 876 certe
1899 837 2000 877 vitio
2036 849 2156 890 quam

172 905 350 946 maxime
382 903 540 945 alienus
575 909 684 956 erat,
717 909 762 945 ut
796 903 966 945 aliorum
999 903 1204 945 hominum
1230 903 1384 957 placita
1412 902 1641 943 Socraticis
1675 905 1828 945 addere
1856 909 1899 944 et
1924 905 2157 945 immiscere

171 972 385 1027 potuisset.
436 970 695 1013 Conferebat
720 971 883 1024 Cyrum,
908 971 1146 1027 Agesilaum
1174 985 1410 1027 omnesque,
1437 985 1606 1026 quorum
1633 971 1675 1012 in
1703 972 1874 1013 historia
1890 973 2056 1014 Graeca
2073 987 2159 1014 me-

171 1042 289 1081 minit
313 1039 538 1093 hominum3
566 1040 807 1082 conferebat
823 1040 1190 1092 Lacedaemonios,
1215 1039 1370 1081 Persas
1388 1039 1569 1094 aliosque
1595 1040 1792 1094 populos3
1819 1041 1941 1081 immo
1958 1038 2158 1096 quidquid

173 1109 404 1150 accurat-lus
439 1110 715 1162 cognoscendi
752 1110 970 1150 occasione
1005 1108 1238 1159 fruebatur,
1277 1123 1369 1149 cum
1400 1109 1577 1149 Socrate
1611 1110 1781 1163 eiusque
1815 1116 1857 1150 et
1891 1111 2079 1150 doctrina
2112 1115 2157 1150 et:

170 1177 256 1220 vita
282 1175 534 1220 conferebat.
588 1176 747 1222 Quibus
772 1166 941 1220 vocibus
967 1182 1215 1231 praeceptor
1240 1179 1299 1218 uti
1326 1183 1608 1229 consueverat,
1632 1200 1686 1208 ·—
1712 1178 1844 1231 ἀρετή,
1869 1178 2157 1229 καλοκαγαθία,

171 1244 356 1297 εὐσέβεια,
383 1245 581 1297 ἐγκράτεια
598 1269 650 1276 -
679 1259 750 1287 eas
777 1247 926 1302 ubique
953 1245 1183 1300 repetebat,
1209 1259 1343 1301 neque
1371 1246 1557 1287 diversus
1584 1260 1610 1286 a
1637 1245 1810 1287 Socrate
1827 1247 1877 1300 ¹⁸)
1905 1246 2077 1286 aliorum
2103 1247 2158 1288 de

170 1313 237 1354 his
263 1313 386 1354 rebus
411 1314 590 1355 taedium
617 1315 734 1355 nihili
764 1315 1019 1357 aestimabat.
1074 1315 1167 1360 Qua
1201 1314 1430 1355 disserendi
1464 1320 1553 1356 arte
1579 1314 1776 1355 Socrates
1808 1306 2015 1354 hominum
2047 1328 2159 1354 amo·

170 1395 257 1422 rem
284 1387 327 1422 ct
353 1382 660 1425 admirationem
688 1383 767 1424 sibi
795 1389 1014 1437 paraverat
1040 1383 1254 1438 ipsumque
1282 1388 1325 1424 ct
1351 1381 1455 1424 alios
1481 1384 1629 1424 multos
1648 1383 1933 1424 adolescentes
1952 1384 2005 1423 ad
2031 1384 2158 1425 virtu-

170 1457 253 1491 tem
281 1452 551 1491 exercendam
579 1458 857 1504 permoverat,
890 1466 978 1492 eam
1006 1453 1097 1504 ipse
1124 1465 1202 1505 per
1226 1457 1353 1492 totam
1379 1452 1502 1492 vitam
1538 1465 1737 1493 exercere
1776 1464 1976 1506 nunquam
2014 1452 2152 1492 desiit.

169 1518 238 1559 Uti
273 1532 371 1559 vero
406 1508 514 1559 hunc
548 1520 699 1561 imitari
733 1520 988 1573 potissimum
1028 1520 1108 1560 sibi
1142 1524 1416 1573 proposuerat
1447 1521 1704 1574 magistrum,
1737 1521 1796 1560 ita
1821 1519 2023 1574 reliquos,
2049 1532 2154 1575 quoa

169 1587 251 1626 iam
279 1588 424 1627 eodem
450 1587 554 1628 duce
583 1593 842 1629 contemnere
861 1589 909 1642 ¹⁶)
938 1588 1155 1640 didicerat,
1181 1588 1233 1629 ab
1261 1587 1370 1628 omni
1397 1593 1515 1642 parte
1542 1589 1792 1648 negligebat.
1845 1580 1994 1642 Itaque
2011 1587 2155 1629 Xeno·

169 1655 335 1707 phontis
367 1654 484 1695 libris
517 1656 554 1696 si
586 1660 779 1710 tanquam
811 1657 926 1698 fonte
961 1657 1173 1698 doctrinae
1200 1655 1441 1697 Socraticae
1475 1657 1646 1708 utimur,
1678 1657 1759 1697 hoc
1788 1657 1951 1711 quidem
1980 1662 2155 1707 constat,

167 1722 495 1776 limpidissimum
524 1722 634 1765 illum
664 1739 756 1767 esse
783 1740 861 1767 nec
888 1725 1059 1767 aliorum
1086 1724 1262 1767 inventis
1288 1726 1474 1766 admistis
1501 1726 1583 1766 ullo
1602 1727 1722 1766 modo
1740 1726 1959 1766 turbatum.
1999 1725 2156 1766 Contra

170 1803 291 1845 quum
317 1790 504 1831 Athenas
531 1805 625 1832 raro
655 1793 852 1835 Socrates
878 1793 1135 1850 reliquisset,
1168 1793 1401 1848 Xenophon
1434 1797 1571 1834 autem
1605 1807 1791 1848 magnam
1826 1798 1964 1835 terrae
2090 1807 2155 1835 em

168 1860 464 1923 permigrasset
491 1861 661 1915 eiusque
689 1863 953 1915 cognovisset
969 1868 1168 1913 naturam,
1196 1867 1240 1902 ct
1257 1875 1523 1916 quaecunque
1542 1863 1789 1913 addisceret,
1815 1876 1908 1902 cum
1987 1862 2154 1902 creticis

168 1928 235 1970 vel
261 1929 351 1969 sine
379 1933 493 1969 certa
526 1929 615 1969 cius
648 1930 710 1970 rei
738 1931 862 1971 animi
897 1930 1149 1972 conscicntia
1175 1930 1424 1983 coniungere
1451 1931 1751 1971 consuevisset·
1786 1929 1912 1971 facile
1945 1929 2036 1971 fieri
2064 1936 2155 1984 pot-

170 2002 278 2047 erat,
310 2002 354 2036 ut
389 2010 494 2050 quac
527 1997 657 2049 ipsius
692 1998 856 2050 ingenio
883 2012 964 2038 non
991 1997 1157 2039 Socrati
1187 1998 1454 2049 deberentur,
1488 2012 1539 2038 ea
1565 1998 1794 2038 Socraticis
1828 1987 2078 2039 immisceret
2113 2004 2156 2038 et

169 2065 426 2118 praeceptori
453 2066 645 2106 traderet.

352 2132 496 2189 Neque
522 2139 744 2188 propterea
769 2135 955 2176 veritatis
982 2149 1162 2176 amorem
1188 2135 1278 2176 eius
1305 2140 1527 2176 attrectare
1554 2141 1624 2176 aut
1641 2149 1827 2188 magnam
1845 2135 2005 2187 culpam
2031 2135 2071 2174 ei
2090 2140 2153 2174 at·

167 2202 350 2242 tribuere
386 2203 630 2256 poterimus3
677 2202 798 2243 immo
832 2216 952 2257 quum
985 2203 1088 2244 nihil
1121 2203 1201 2244 nisi
1233 2217 1332 2244 vera
1362 2202 1546 2256 profiteri
1570 2203 1764 2254 voluerit,
1790 2203 1830 2243 ei
1856 2203 2147 2255 ignoscendum

169 2272 294 2319 esset,
320 2270 356 2308 si
377 2269 578 2310 humanae
607 2268 808 2310 debilitati
836 2271 1051 2323 obnoxius,
1077 2272 1278 2312 interdum
1306 2284 1429 2312 suam'
1448 2271 1599 2325 potins,
1625 2285 1744 2325 quam
1772 2269 1957 2312 Socratis
1985 2267 2148 2324 sapieuss

167 2338 266 2378 tiam
298 2338 416 2379 nohis
450 2340 764 2393 propinavisset.
818 2339 1044 2381 Rarissime
1075 2345 1232 2381 tantum
1266 2341 1307 2380 in
1342 2340 1408 2380 his
1440 2339 1559 2380 libris
1591 2355 1705 2380 suam
1739 2340 1869 2393 ipsius
1903 2334 2148 2380 senteutiam

168 2405 304 2445 verbis
332 2409 552 2459 expressis·
570 2408 838 2462 interposuit3
878 2408 1107 2464 ubicunque
1133 2421 1231 2450 vero
1259 2409 1339 2449 hoc
1365 2407 1489 2461 fecit,
1521 2408 1581 2448 ita
1615 2422 1778 2463 semper
1801 2406 1936 2449 omnia
1963 2407 2152 2450 instituta

169 2489 261 2515 csse
289 2475 612 2517 animadversum
640 2483 722 2528 est,
749 2484 794 2518 ut
822 2492 924 2530 quae
953 2480 1004 2518 de
1032 2491 1078 2518 se
1107 2479 1303 2528 disserat,
1331 2492 1359 2517 a
1385 2478 1612 2518 Socraticis
1639 2491 1719 2517 ιιοιι
1747 2477 1936 2517 differant
1946 2478 2008 2530 ¹⁷).
2064 2477 2148 2517 Re-

167 2542 386 2598 prehendit
420 2551 554 2587 autem
588 2560 791 2600 nunquam
826 2546 1010 2587 Socratis
1041 2561 1184 2588 vocem
1218 2546 1395 2600 aliquam
1428 2561 1506 2587 nec
1540 2548 1582 2586 in
1616 2547 1821 2587 sententia
1852 2547 1993 2600 aliqua
2019 2549 2070 2587 ab
2097 2562 2150 2587 eo

167 2612 344 2664 recedit3
372 2613 481 2666 quod
508 2614 670 2667 quidem
701 2629 750 2655 eo
778 2614 909 2656 minus
935 2614 1220 2669 negligendum
1249 2619 1327 2667 est,
1353 2616 1450 2669 quia
1475 2615 1602 2656 multa
1629 2615 1753 2656 etiam
1773 2628 1826 2656 ex
1843 2616 1931 2658 vita
1948 2617 2150 2657 communi

356 2793 410 2834 15)
431 2791 568 2826 Memor.
588 2794 645 2830 1v.
666 2799 698 2836 ⁴,
720 2799 752 2831 ὅ.

355 2845 410 2885 lo)
429 2850 467 2878 ut
487 2846 716 2889 Anaxagoram
739 2847 795 2882 lv.
817 2852 847 2890 7,
862 2853 892 2883 6.
914 2848 1131 2893 physicosque
1152 2847 1360 2892 philosophos
1382 2848 1408 2882 Ι.
1434 2852 1462 2888 Ι,
1486 2852 1534 2882 n.

354 2898 409 2938 17)
430 2904 468 2931 ut
487 2897 513 2938 l,
535 2901 566 2938 2,
589 2900 639 2939 10,
663 2901 712 2939 17,
738 2903 787 2933 19.
