2343 3197
2090 210 2149 256 15

171 327 285 379 brevi
302 330 510 379 repetam,
517 326 733 374 multarum
749 338 883 365 rernm
900 337 1050 365 caum
1066 324 1255 376 discipuli
1273 323 1461 363 Socratis
1478 324 1720 375 disciplinae
1737 322 2028 364 interfuerunt·
2043 320 2155 363 vitae

172 400 215 442 et
241 394 402 447 virtutis
429 407 557 444 cansa
574 391 802 455 Xeqophon
830 398 873 433 et
898 406 1003 447 quos
1029 391 1121 444 ipse
1145 394 1299 432 amicos
1315 391 1539 432 nominavit
1554 393 1618 443 θ’),
1645 393 1746 432 artis
1763 391 2010 433 dialecticos
2027 396 2156 431 cusa

171 462 330 509 Critias
363 466 407 505 et
441 459 701 514 Alcibiades3
734 460 1019 514 philosophiae
1052 474 1151 502 vero
1186 458 1305 500 Plato
1346 463 1390 501 et
1422 458 1661 513 Aristippus
1702 459 1854 513 aliique
1890 457 2155 501 inomni-et

172 544 422 587 quanquam
440 542 628 583 prorsus
626 534 729 570 sunt
757 530 863 569 inter
889 542 936 569 se
964 528 1114 571 diversi
1134 541 1289 578 omnes,
1313 541 1432 569 nemo
1452 531 1588 568 tamen
1605 542 1632 568 a
1649 527 1825 569 Socrate
1844 527 2049 580 discessit,
2073 526 2154 568 nisi

172 601 225 642 iis
248 600 377 654 rebus
403 603 585 648 ornatus,
600 612 712 652 quae
738 612 793 638 ex
819 612 894 638 usu
921 597 1030 638 illius
1057 603 1099 638 et
1124 597 1368 638 commercio
1396 597 1666 648 expetiverat.

289 719 291 721 Ι
359 665 503 720 Neque
530 666 574 707 id
602 665 715 718 fugit
741 664 1077 718 Xenophontem,
1110 665 1179 718 qui
1213 664 1492 705 admirandam
1523 679 1656 705 rerum
1691 666 1945 718 cognitarum
1972 665 2154 705 varieta-

171 722 270 785 tem,
295 747 416 788 quanm
443 735 639 774 Socrates
665 746 795 771 senex
823 746 924 784 prae
945 747 995 778 ,se
1022 733 1197 783 ferebat,
1223 732 1453 772 rectissime
1479 732 1737 783 monstravit,
1764 733 1983 786 docuitque
2010 730 2153 772 claris·

173 804 298 854 shue,
324 817 442 856 quam
471 801 725 855 praeclarum
754 801 823 842 ille
851 802 892 841 in
918 802 1165 844 cennnercio
1193 815 1284 841 cum
1311 801 1541 841 hominihus
1568 802 1699 841 omnis
1726 802 1890 854 generis
1911 806 1959 841 et
1985 800 2154 840 inado-

172 871 422 913 lescentihus
449 869 677 911 tractandis
704 868 898 912 artificem
926 884 1020 912 sese
1055 869 1319 924 praestiterit.
1373 869 1471 922 lpse
1504 884 1645 912 earum
1678 883 1814 910 rerum
1847 875 1913 911 est
1941 869 2153 921 particeps

173 939 328 996 factius3
363 942 415 979 de
442 939 630 979 omnihus
664 938 861 992 loquitur,
892 939 966 979 sed
1001 939 1077 990 ita,
1121 944 1169 984 ut*
1199 938 1317 978 initia
1347 939 1625 978 tantummodo
1657 938 1864 991 attigerit,
1895 936 1998 979 nihil
2032 936 2150 989 piene

173 1023 224 1051 ac
251 1007 436 1063 perfecte
463 1008 518 1048 ad
543 1006 664 1048 finem
692 1022 821 1062 usqne
849 1009 1171 1061 pernoctaverit.
1206 1006 1308 1052 -Qui
1330 1007 1367 1046 si
1394 1021 1528 1047 rernm
1555 1012 1821 1048 tractatarum
1839 1007 1999 1059 pondus
2023 1010 2151 1046 totum

173 1073 442 1131 percepisset,
468 1075 645 1117 fortasse
664 1090 742 1118 nec
760 1077 971 1117 consilinm
990 1077 1127 1117 omnia
1144 1075 1265 1117 simul
1291 1076 1534 1117 ostendendi
1560 1075 1756 1128 cepisset,
1781 1089 1859 1115 aec
1877 1074 2020 1127 paucis
2035 1073 2153 1114 iihris

171 1146 369 1198 voluisset
396 1144 550 1197 ingenii
578 1145 888 1198 sapientiaeque
906 1145 1093 1186 Socratis
1120 1144 1338 1198 imaginem
1366 1143 1593 1183 absolutam
1620 1145 1844 1185 delineare.
1887 1142 1999 1187 Quid
2016 1148 2152 1184 auten

173 1213 374 1263 offecerit,
400 1214 521 1254 docet
547 1218 728 1254 eventus.

359 1279 565 1334 Compara
597 1281 695 1322 mihi
733 1280 964 1333 Platonem,
996 1295 1191 1334 compara
1223 1279 1511 1333 Aristotelem,
1543 1287 1585 1322 et
1618 1281 1739 1336 quale
1772 1282 1827 1323 sit
1861 1281 1967 1322 inter
1999 1280 2075 1321 hos
2109 1286 2151 1321 et

174 1349 491 1405 Xenophontem
520 1350 753 1400 discrimen,
779 1350 1009 1390 clarissime
1036 1350 1206 1403 patebit.
1267 1349 1381 1389 Nihil
1407 1349 1605 1402 estapnd
1631 1349 1885 1404 hnnc,.qnod
1911 1348 2151 1402 perfectum,

174 1419 282 1475 quod
311 1417 539 1458 absolutum
568 1418 697 1467 dicas,
724 1418 849 1458 multa
867 1419 1018 1471 coepit,
1044 1418 1257 1458 multorum
1277 1418 1429 1471 primas
1447 1417 1580 1458 lineas
1598 1419 1755 1471 posuit3
1781 1431 1914 1472 acque
1931 1417 2150 1473 quidquam

175 1488 231 1527 ita
266 1486 510 1538 enuntiavit,
543 1492 587 1527 ut
622 1487 662 1526 in
698 1488 751 1527 iis
785 1487 1051 1540 acquiescere
1083 1501 1224 1542 queas.
1285 1485 1399 1531 Quas
1433 1486 1617 1527 Socratis
1651 1485 1907 1527 definitiones
1938 1486 2156 1527 nobiscum·

173 1554 480 1596 communicavit
497 1555 561 1607 ⁴⁰),
587 1569 705 1609 quam
734 1569 876 1608 parum
904 1555 1000 1597 illae
1022 1556 1101 1596 arti
1120 1556 1362 1597 dialecticae
1380 1556 1634 1606 conveniunt,
1662 1569 1781 1609 quam
1799 1555 1991 1605 breviter,
2016 1554 2158 1595 minus:

174 1625 381 1674 distincte,
397 1623 487 1664 sine
515 1624 791 1676 disputatione
810 1623 1088 1678 proferuntur!
1117 1638 1235 1678 quam
1255 1638 1397 1677 parum
1424 1625 2040 1678 demonstrantuaquaeruntur
2054 1636 2152 1664 con-

172 1693 323 1733 iunctis
350 1692 604 1743 viribus,‚ita
629 1692 844 1743 docentur,
871 1698 914 1733 ut
940 1691 1140 1734 firinatum
1165 1698 1208 1733 te
1235 1694 1377 1733 videas
1405 1698 1447 1734 et
1473 1698 1616 1733 contra
1642 1693 1916 1733 dubitationes
1942 1692 2151 1733 inanitum.

175 1761 286 1800 Nihil
314 1761 383 1800 ille
411 1760 491 1799 nisi
520 1761 710 1812 exempla
735 1762 963 1813 sapientiae
991 1761 1230 1801 Socraticae
1258 1760 1482 1813 proposuit.
1535 1760 1653 1800 Haec
1680 1760 1750 1814 qni
1775 1760 1899 1814 legit,
1930 1774 2012 1801 noa
2038 1760 2153 1814 ecgi-

174 1834 261 1878 tur,
295 1834 337 1867 ut
366 1827 582 1868 Socratem
617 1829 745 1869 virum
780 1843 976 1868 summum
1009 1834 1125 1881 putet
1157 1829 1307 1879 fuisse,
1334 1830 1403 1882 qui
1436 1843 1541 1869 nova
1572 1829 1836 1870 fundamenta
1867 1829 2155 1892 philo-yphiae

174 1896 392 1946 struxerit,
425 1900 469 1936 et
502 1909 607 1936 nova
640 1895 731 1936 luce
764 1896 948 1937 homines
981 1897 1291 1941 collustraverit.
1348 1898 1412 1938 Ac
1445 1911 1497 1937 ne
1526 1897 1751 1939 defendere
1778 1899 1940 1951 quidem
1957 1893 2008 1949 (Ι)
2035 1911 2153 1949 prae-

176 1969 384 2019 ceptorcm
404 1972 545 2003 contra
562 1969 837 2015 accusatores,
854 1969 900 2004 ut
926 1978 1001 2018 par
1017 1968 1120 2017 erat,
1145 1964 1291 2017 potnit,
1317 1978 1394 2005 nec
1412 1964 1586 2006 abolevit
1604 1967 1752 2017 omnia,
1778 1979 1883 2020 quae
1902 1970 2044 2009 contra
2061 1979 2152 2006 eum

175 2034 285 2074 dicta
313 2037 449 2082 erant,
481 2033 557 2073 sed
589 2033 781 2072 nonnulla
807 2034 1099 2085 praetermisit,
1125 2047 1203 2073 nec
1228 2033 1375 2086 quihus
1402 2034 1526 2074 rebus
1553 2049 1604 2074 ea
1630 2035 1919 2085 inniterentur,
1951 2035 2053 2074 satis
2080 2048 2151 2075 ex-

175 2102 354 2155 plicavit.
416 2100 474 2141 At
505 2102 584 2140 iani
619 2102 789 2152 gradum
824 2102 972 2142 sistere
1007 2106 1191 2154 praestat
1223 2106 1266 2141 et
1293 2102 1345 2141 de
1372 2101 1542 2155 reliquis
1573 2104 1625 2142 ad
1652 2103 1906 2152 Dissenium,
1936 2102 2150 2143 'Schleier-

174 2169 409 2210 macheram
444 2173 487 2209 et
514 2169 773 2209 Brundisium
800 2182 1042 2222 provocare,
1076 2169 1145 2223 qni
1173 2183 1279 2223 quae
1306 2176 1563 2220 enarrarunt,
1597 2171 1806 2212 verissime
1833 2170 1931 2210 mihi
1964 2171 2148 2211 videatur

177 2239 435 2290 exposuisse,
459 2237 517 2277 ita
533 2242 576 2278 ut
590 2251 721 2290 paene
736 2237 837 2277 nihil
852 2251 989 2278 eornm
1004 2238 1091 2278 iure
1106 2238 1158 2278 ah
1173 2237 1268 2277 aliis
1280 2238 1568 2291 reprehensum
1589 2244 1658 2278 ant
1671 2237 1889 2278 refutatum
1904 2252 1997 2279 esse
2009 2239 2148 2280 videa-

177 2311 244 2346 tur
260 2307 321 2361 9).
369 2306 441 2360 Ad
466 2307 689 2348 doctrinam
718 2308 769 2347 de
796 2307 975 2347 moribus
1001 2307 1138 2346 omnia
1164 2307 1383 2358 pertinent,
1408 2321 1512 2359 qnae
1530 2307 1761 2359 Xenophon
1778 2307 1964 2359 tradidit3
1991 2307 2152 2361 reliqua

176 2387 309 2432 paene
330 2374 695 2430 intactarelffiquit.
750 2374 1074 2428 Errant-igitur,
1100 2374 1168 2428 qni
1197 2388 1222 2415 e
1248 2373 1633 2426 Xenophontevsolo
1661 2374 1871 2415 Socratem
1897 2388 2150 2429 cognoscere

177 2456 224 2483 se
251 2456 395 2495 posse,
429 2448 611 2484 censent.
668 2443 752 2484 Hic
776 2443 860 2495 vir,
892 2443 1024 2498 qualis
1057 2447 1100 2483 et
1133 2447 1305 2497 quantus
1332 2441 1477 2494 fuerit,
1508 2457 1625 2484 nemo
1660 2457 1712 2484 ne
1748 2444 1948 2497 suspicari
1985 2445 2150 2498 quidem

360 2611 417 2652 8⁹)
438 2612 536 2645 Mum.
558 2613 584 2646 1.
603 2615 636 2646 2.
658 2616 709 2646 48.

361 2663 418 2704 ⁴0)
440 2663 537 2697 Μοιιι.
558 2664 618 2698 nl.
639 2668 669 2699 8.
692 2664 747 2698 lv.
769 2668 799 2699 6.

361 2716 419 2755 ⁴1)
441 2715 593 2748 Schneid.
616 2718 655 2749 ad
680 2717 775 2749 Mein.
798 2717 822 2748 1.
849 2720 875 2756 l,
899 2720 948 2750 lo.
968 2727 1029 2749 nec
1050 2723 1157 2749 tamen
1178 2715 1291 2747 callide
1314 2716 1497 2758 respondet.

364 2766 422 2808 ⁴2)
440 2765 518 2801 Non
541 2769 712 2802 consentio
736 2769 836 2811 igitur
857 2780 930 2803 cum
953 2768 1139 2809 Kuehnero,
1159 2775 1330 2801 comment.
1352 2768 1391 2800 de
1413 2767 1507 2802 Scor.
1528 2779 1558 2811 p.
1583 2771 1630 2802 n.
1654 2770 1707 2811 qui
1730 2781 1834 2814 neque
1857 2772 1902 2814 (p.
1923 2773 1989 2812 20.)
2009 2774 2050 2806 de
2073 2781 2151 2807 tem.

180 2831 271 2862 pore,
292 2830 354 2864 qun
376 2818 411 2851 hi
432 2821 654 2863 coniugentnrii
677 2821 853 2865 conscripti
875 2831 948 2853 esse
971 2821 1151 2861 videantur,
1173 2825 1262 2853 reete
1284 2819 1411 2858 iudicat,
1432 2825 1469 2852 ut
1490 2825 1577 2863 puto.
1612 2819 1760 2863 Legendi
1781 2832 1862 2856 vero
1877 2822 2153 2858 Schleiermacher

181 2871 214 2903 in
237 2870 431 2918 camnirntt.
453 2868 638 2905 Academm.
660 2872 864 2907 Berolinvnt.
887 2874 1063 2908 leli—¹5.
1083 2884 1113 2916 p.
1134 2874 1186 2908 50.
1207 2881 1278 2915 sqq.
1321 2871 1489 2905 Disaenius
1511 2873 1550 2905 de
1573 2871 1691 2915 philos.
1712 2874 1826 2907 morali
1847 2875 1879 2907 in
1894 2873 1984 2908 Xen.
2003 2876 2043 2908 do
2057 2876 2153 2909 Scor.

180 2923 477 2966 conxnnnneuutt..Gooe.
502 2925 592 2958 1812.
635 2922 774 2959 Brandis
796 2923 1020 2965 Grundlinien,
1043 2924 1154 2959 Rhein.
1176 2923 1261 2958 Mus.
1285 2925 1373 2956 18²7.
1396 2922 1423 2956 1.
1449 2926 1741 2966 118÷1w‚.1828.
1761 2927 1805 2960 11.
1830 2929 1856 2959 1.
1877 2937 1909 2971 p·-
1930 2929 2085 2962 85—112.
