2343 3197
196 154 254 199 14

190 271 272 318 tur,
298 278 406 321 quae
432 265 626 321 pleraque
653 275 816 305 cursum
843 263 1042 304 orationis
1068 277 1148 304 non
1176 264 1280 306 satis
1307 264 1489 324 dilucide
1513 270 1747 321 ostendunt,
1771 274 1832 309 ut
1840 269 1996 322 legenti
2025 274 2067 311 et
2090 269 2182 314 eerfb

191 340 275 374 tam
301 336 410 375 viam
438 333 646 387 quaerenti
675 332 786 372 haud
810 342 907 372 raro
933 330 1199 372 difficultates
1225 332 1333 373 haud
1360 333 1538 387 exiguae
1565 337 1815 379 oboriantur.

379 403 459 442 Iam
487 401 547 442 rei
575 401 723 454 ipsius,
747 414 871 455 quam
898 400 1091 453 prodidit,
1118 402 1171 440 ad
1191 402 1503 444 delineationem
1527 404 1693 445 brevem
1712 409 1756 445 et
1773 406 1826 445 ad
1845 405 2040 445 indicium
2059 417 2181 448 e'cce·

194 473 365 517 (lendum
394 474 471 513 est.
524 469 591 511 Ac
617 468 670 510 de
697 469 791 511 vita.
809 470 970 524 quidem
1002 468 1152 511 virtute
1180 471 1362 511 ornanda
1394 485 1511 513 nemo
1538 472 1770 513 mortalium
1797 473 2182 528 nequepulchriuq',

191 552 321 595 neque
348 539 602 593 praeclarius
628 550 805 592 unquam
832 551 951 593 quam
971 536 1204 590 Xenophon
1231 537 1393 580 locutus
1420 545 1505 594 est3
1530 554 1557 581 a
1580 540 1703 582 labiis
1721 529 1910 583 Socratis
1934 543 2180 597 pendemus3

187 607 290 648 nihil
317 622 412 649 esse
439 608 680 660 prudentius
707 620 841 661 neque
868 607 1031 657 utilius,
1056 607 1135 646 nisi
1165 607 1338 648 honesto
1365 613 1495 649 totum
1523 623 1569 650 se
1594 610 1784 660 tradere,
1808 610 1868 649 ita
1895 612 2111 663 docemur,
2135 615 2181 652 ut

185 676 257 731 qui
292 679 435 717 contra
467 675 676 716 disserere
708 675 830 725 velit,
862 674 1015 716 frustra
1050 688 1198 714 causas
1232 675 1393 729 aliquas
1429 678 1666 730 conquirat3
1699 691 1767 717 ars
1801 677 1988 717 Socratis
2021 679 2180 718 animos

187 743 395 783 hominum
427 743 508 783 sibi
543 742 790 792 conciliandi
826 754 1022 797 sinumque
1058 742 1233 782 omnium
1268 756 1403 784 rernm
1437 743 1700 786 honestarum
1735 758 1912 786 amorem
1940 731 2181 799 instillandi,

189 812 525 864 itavnobispetet,
544 817 590 851 ut
609 812 785 851 animum
807 816 987 851 nostrum
1008 824 1177 863 prorsus
1199 824 1294 851 esse
1314 817 1479 865 captum
1498 815 1745 866 sentiamus,
1763 827 1897 868 neque
1920 814 1959 854 ci
1980 815 2179 857 resistere

189 880 407 936 quisquam
425 886 496 922 aut
512 893 744 934 repugnare
764 886 834 922 ant
852 880 996 934 possit,
1023 885 1093 920 aut
1111 880 1146 920 si
1167 880 1312 932 possit,
1329 880 1439 923 velit.
1484 882 1612 923 Modo
1631 888 1696 923 est
1715 883 1833 924 dulce
1852 896 1982 935 genus
2001 883 2182 935 dicendi,

186 949 487 1003 verborumque
522 963 647 990 sonus
680 949 1016 1000 iucundissimus,
1047 949 1169 989 modo
1203 948 1366 990 virtutis
1402 962 1549 991 nomeu
1586 955 1629 991 et
1656 951 1813 1006 imago,
1844 951 1965 992 modo
1994 950 2182 993 Socratis

191 1032 383 1072 persona,
409 1020 532 1058 modo
560 1031 795 1058 caussarum
823 1018 1037 1059 multitudo
1066 1023 1108 1058 et
1133 1019 1315 1071 pondus3
1348 1019 1499 1072 ubique
1533 1024 1677 1059 sancta
1710 1025 1775 1060 est
1814 1021 2015 1075 quaedam
2056 1020 2181 1060 animi

191 1087 422 1137 commotio,
449 1100 555 1141 quae
573 1087 626 1126 ab
654 1086 763 1126 omni
790 1086 900 1139 turpi
928 1086 1180 1140 cogitatione
1207 1091 1249 1127 et
1276 1086 1462 1128 facinore
1488 1101 1564 1127 nos
1591 1093 1794 1141 removet3
1820 1102 1902 1142 qna
1928 1088 2112 1141 capimur
2137 1092 2182 1130 et

191 1155 429 1196 delenimur.
485 1154 911 1209 Quicunque-igitur,
946 1168 1064 1209 quam
1094 1155 1270 1195 amabile
1296 1155 1352 1195 sit
1378 1156 1555 1197 studium
1581 1155 1763 1207 virtutis,
1792 1169 1912 1210 quam
1942 1156 2180 1210 imprudens

192 1230 235 1265 et
252 1238 486 1277 perversum
499 1224 722 1276 voluptatis
735 1224 994 1274 consortium,
1006 1225 1115 1264 scire
1130 1224 1244 1275 cupit
1257 1224 1459 1277 simulque
1472 1224 1761 1277 Xenophontis
1779 1237 1959 1264 amorem
1978 1226 2179 1265 imbibere

194 1298 323 1347 optat,
348 1293 457 1335 hunc
484 1293 609 1334 adeat
633 1290 805 1344 librum3
831 1292 906 1333 sed
932 1297 978 1333 ut
1004 1292 1084 1333 iam
1113 1292 1261 1343 dicam,
1287 1294 1396 1346 quod
1423 1293 1577 1334 sentio:
1605 1292 1818 1333 Socratem
1838 1307 1917 1332 nou
1934 1299 2078 1344 totum,
2104 1295 2180 1334 sed

195 1376 250 1402 ex
277 1367 395 1414 parte
422 1361 701 1401 tantummodo
729 1373 971 1414 cognoscas,
998 1373 1076 1401 nec
1102 1360 1161 1401 ita
1187 1365 1231 1400 ut
1257 1360 1354 1401 huic
1380 1360 1542 1415 quidem
1571 1360 1738 1413 imagini
1766 1359 1983 1402 inhaerere
2011 1375 2153 1416 queas.

381 1430 525 1484 Neque
554 1434 619 1469 est
645 1429 725 1469 hoc
751 1428 1013 1482 Xenophonti
1040 1429 1139 1470 vitio
1166 1429 1425 1480 vertendum,
1451 1430 1519 1483 qui
1547 1430 1657 1471 vitae
1683 1428 1826 1469 hahuit
1854 1428 2083 1482 exemplum
2103 1428 2183 1469 So-

194 1503 370 1550 cratem,
394 1498 555 1551 virique
582 1497 703 1537 huius
731 1498 875 1537 summi
903 1498 944 1537 in
971 1497 1120 1538 virtute
1147 1498 1322 1537 amanda
1348 1497 1574 1538 aemulator
1599 1497 1699 1549 fuit,
1725 1499 1896 1539 eundem
1925 1511 2023 1539 vero
2050 1499 2092 1538 iu
2121 1498 2182 1538 in-

191 1568 313 1609 timos
341 1566 627 1621 philosophiae
655 1578 844 1608 recessus
871 1566 1087 1607 abeuntem
1114 1565 1231 1621 sequi
1259 1565 1400 1607 noluit.
1446 1565 1740 1620 Philosophiae
1759 1567 1936 1608 studium
1964 1568 2082 1608 cuius
2100 1577 2181 1608 non

191 1637 317 1679 vitam
343 1642 470 1677 totam
497 1637 702 1690 animique
729 1648 871 1676 omues
896 1636 1008 1676 vires
1035 1635 1333 1688 complectitur,
1359 1635 1396 1674 is
1423 1635 1532 1675 haud
1558 1635 1725 1675 multum
1753 1633 1951 1688 perficiet.
2000 1635 2047 1676 Si
2076 1650 2182 1690 quae

191 1706 340 1748 artium
358 1705 639 1755 humanarum,
665 1704 885 1754 haecuna,
902 1705 972 1744 ubi
991 1704 1127 1756 magui
1148 1705 1367 1756 quidquam
1387 1709 1599 1756 praestare
1621 1703 1765 1755 cupias
1783 1704 2019 1757 ingeniique
2037 1704 2182 1744 summi

195 1777 348 1826 expers
365 1773 476 1812 haud
493 1770 639 1823 fueris,
664 1770 860 1824 postulat,
885 1775 929 1810 ut
946 1771 988 1810 in
1007 1784 1059 1811 ea
1083 1775 1194 1811 totus
1210 1771 1325 1812 vivas
1343 1785 1476 1825 neque
1495 1776 1661 1824 praeter
1688 1785 1788 1812 eam>
1805 1771 2024 1825 quidquam
2053 1770 2182 1812 admiss

194 1842 301 1883 reris
335 1846 376 1882 et
409 1841 547 1893 magni
583 1840 727 1881 facias.
799 1838 1079 1892 Quaecunque
1120 1839 1244 1889 igitur
1277 1840 1317 1878 iu
1352 1840 1612 1893 philosophia
1644 1845 1687 1880 et
1719 1840 1880 1879 omuino
1914 1840 1957 1879 in
1990 1840 2181 1881 maximis

192 1910 342 1950 studiis
375 1909 466 1949 istis
502 1908 717 1961 praeclara
751 1913 793 1948 et
827 1908 979 1948 eximia
1007 1907 1227 1957 exstitere,
1262 1921 1313 1947 ea
1338 1907 1555 1958 Socrates,
1588 1907 1730 1958 Plato,
1763 1907 2013 1948 Aristoteles
2046 1909 2183 1948 omnia

193 1991 350 2019 summo
377 1976 541 2018 fervore
568 1975 773 2029 complexi
802 1980 917 2028 sunt3
950 1974 1019 2015 uni
1047 1973 1212 2014 Socrati
1240 1974 1472 2028 Xenophon
1500 1989 1667 2028 operam
1696 1965 1824 2026 dedit,
1850 1975 1971 2031 eique
1999 1990 2078 2017 non
2105 1991 2183 2030 per

193 2052 321 2087 totam
336 2046 474 2096 vitam,
488 2046 564 2085 sed
578 2045 755 2084 maxime
769 2044 935 2084 seniori.
964 2042 1054 2083 Non
1069 2043 1199 2082 solum
1215 2044 1323 2083 enim
1336 2043 1417 2084 hoc
1430 2058 1484 2084 ex
1496 2048 1583 2083 toto
1598 2057 1724 2096 opere
1739 2043 1961 2097 colligitur,
1974 2045 2014 2084 in
2033 2059 2113 2099 quo
2129 2046 2181 2086 de

193 2115 412 2156 Alcibiade
438 2113 603 2167 quidem
633 2118 675 2153 et
701 2112 835 2153 Gritia
861 2112 964 2151 nihil
990 2110 1190 2161 refertur,
1216 2112 1282 2151 cui
1312 2111 1401 2164 ipse
1429 2110 1661 2163 Xenophon
1690 2111 2101 2165 interfuerit,·multa
2128 2115 2181 2154 de

192 2182 374 2224 Euthcro
403 2187 446 2222 et
463 2181 628 2222 Pericle
655 2181 817 2221 iuniore
843 2179 1034 2234 aliisque,
1060 2179 1127 2232 qui
1157 2180 1236 2219 iam
1265 2180 1317 2220 iis
1335 2180 1529 2221 vivebant*
1542 2180 1592 2231 ⁸⁷)
1625 2180 1891 2233 temporibus,
1919 2181 2065 2234 quibus
2084 2181 2181 2222 belli

193 2251 302 2292 mala
327 2251 638 2291 Atheniensium
666 2251 779 2291 cives
806 2248 1110 2303 opprimebant:
1139 2249 1213 2289 sed
1241 2249 1362 2289 etiam
1390 2263 1443 2290 ex
1464 2249 1704 2300 Aristotele,
1729 2250 1799 2304 qni
1827 2249 1896 2290 uhi
1926 2249 1978 2290 de
2006 2249 2181 2291 Socrate

193 2334 292 2361 sene
319 2319 512 2373 loquitur,
536 2319 826 2372 Xenophontis
844 2317 1099 2370 potissimum
1117 2318 1277 2358 videtur
1295 2317 1546 2371 aliorumque
1574 2318 1611 2358 ei
1641 2317 1871 2372 aequalium
1890 2318 2181 2371 discipulorum

196 2389 498 2440 meminissess).
526 2387 661 2428 Deest
687 2388 814 2441 igitur
839 2385 1118 2438 Xenophonti,
1144 2391 1189 2425 ut
1216 2400 1270 2426 ex
1295 2385 1415 2425 libn’s
1440 2387 1530 2433 eius
1557 2391 1685 2439 patet,
1711 2391 1906 2427 accurata
1932 2386 2181 2441 reliquorum

192 2457 526 2513 philosophorum
553 2456 756 2511 cognitio,
790 2468 895 2510 quae
931 2455 986 2494 ad
1019 2467 1087 2494 res
1121 2454 1370 2507 singulorum
1406 2459 1520 2496 recte
1548 2455 1825 2496 aestimandas
1852 2456 2087 2496 necessario
2114 2470 2180 2497 re-

193 2527 379 2581 quiritur.
410 2526 526 2566 Nihil
543 2527 650 2566 enim
669 2526 888 2579 quidquam
907 2523 1049 2573 habet,
1066 2525 1173 2578 quod
1192 2536 1284 2562 cum
1302 2523 1490 2563 Socratis
1507 2524 1713 2576 sapientia
1732 2522 1923 2583 conferre
1942 2524 2086 2577 possit⁴
2122 2523 2180 2563 Ut

379 2720 438 2761 ³⁷)
458 2719 632 2752 Nemorab.
659 2718 720 2751 ΙΙΙ.
746 2720 778 2753 5.
807 2725 842 2751 et
869 2718 911 2750 11.
940 2721 970 2751 5.
1005 2718 1080 2750 coll.
1107 2728 1179 2750 eum
1208 2717 1310 2750 Conv.
1338 2720 1455 2769 ⁴‚43L
1504 2717 1657 2761 Krueger
1683 2717 1798 2750 histor.
1832 2717 1911 2761 phil.
1965 2717 2102 2751 Studien
2125 2715 2174 2749 11.

195 2787 228 2819 p·
248 2775 322 2808 290.
344 2770 526 2806 Schneider
547 2771 586 2804 ad
609 2770 707 2804 Mem.
730 2770 790 2803 ΙΙΙ.
811 2773 842 2804 6.

382 2825 438 2864 38)
469 2822 511 2855 ef.
542 2822 679 2854 Aristot.
722 2822 799 2854 Eth.
828 2822 963 2864 Eadem.
990 2824 1028 2861 7,
1057 2825 1085 2854 1.
1134 2821 1242 2864 Magn.
1270 2821 1353 2855 mor.
1383 2821 1425 2855 ll.
1447 2825 1477 2855 6.
1499 2821 1542 2856 cf.
1570 2820 1653 2855 Met.
1678 2820 1729 2854 vl.
1759 2821 1864 2862 (vn)
1893 2823 1942 2855 11.
1993 2820 2132 2854 Brundi·
2157 2821 2180 2854 l.

194 2889 265 2922 pag.
292 2878 360 2912 125.
410 2875 460 2909 Its
482 2874 569 2909 enim
591 2874 688 2908 credo
709 2873 791 2907 hene
813 2885 882 2908 rem
902 2873 1125 2918 explic-udan
1146 2884 1230 2908 esse.
