2343 3197
2113 184 2157 232 1

154 295 878 356 ωιφτκνὶήιίίιὴἃᾱυὴω
893 295 1030 337 ensis
1047 295 1344 348 cute-psius
1359 299 1411 337 ot
1428 295 1712 339 simod-viro
1729 294 1804 337 isti
1818 294 2150 349 prud-rhein·

155 379 285 426 qum
309 364 713 416 ammianus-'fieren
744 365 871 406 etiam
904 363 1017 405 mala
1046 362 1232 417 perferre
1260 363 1745 417 ‘paratissima-*faisse
1798 363 1981 405 Autem
2007 368 2150 406 autu

158 436 245 479 hee
263 434 462 490 scripturi
481 436 629 474 nostro
656 433 805 474 honori
820 432 922 484 erit,
939 432 1057 488 ‘quod
1083 432 1165 473 im
1190 431 1323 485 prima
1349 427 1775 474 aduiuentis-visuh
1791 445 2002 483 summum,
2025 445 2149 487 qus-

160 504 384 559 posterltas
404 503 571 543 'demum
595 514 694 542 vere
721 502 942 542 aestimare
967 501 1135 551 didicit,
1157 512 1315 539 suune
1336 513 1482 540 amore
1510 500 1751 554 complexus
1776 505 1859 550 cst,
1885 505 1928 541 et
1954 500 2148 553 omnium,

157 572 232 626 qui
265 571 338 611 illa
369 574 509 611 aetate
541 570 744 611 celebrari
777 570 984 619 solebant,
1024 570 1234 609 doctorum
1268 568 1487 610 iuventutis
1525 569 1919 627 praestantissimum
1951 569 2150 609 iudicavit

157 638 323 695 sibique
348 638 460 682 vitae
478 639 623 682 ducem
642 637 782 694 elegit.
826 636 904 681 Ille
931 638 1040 681 enim
1066 636 1257 693 quonism
1273 636 1339 680 vir
1364 641 1428 680 est
1444 636 1699 690 immortalis,
1724 636 1955 692 Xenophon
1972 651 2149 694 quoque,

158 707 388 762 discipulus
428 709 518 750 eius
549 707 933 759 venerantissimos,
973 707 1171 746 honorum
1203 706 1391 760 magistri
1423 707 1675 762 aliquatenus
1714 707 1924 761 particeps
1964 708 2149 748 omnibu

160 777 342 818 saeculis
373 777 592 819 videbitur.
646 777 785 829 Atque
817 777 897 817 hoc
929 776 1084 817 arctius
1119 781 1185 816 est
1215 775 1440 827 vinculum,
1473 791 1554 829 quo
1589 791 1679 817 eum
1714 776 1887 816 Socrate
1914 776 2145 829 Xenophon

158 846 323 887 iunctus
347 847 513 888 videtur
537 859 651 896 esse,
685 845 783 898 quia
816 845 858 885 in
894 844 1004 886 illius
1030 844 1285 886 institutione
1312 844 1372 885 ita
1398 845 1466 885 hie
1492 845 1715 898 acquievit,
1741 850 1786 885 ut
1812 846 1854 886 in
1881 845 2004 885 rebus
2030 849 2146 887 certe

160 912 461 968 philosophicis
512 912 611 954 nulli
667 917 886 966 praeterea
934 913 1193 967 praeceptori
1244 925 1411 966 operam
1458 913 1587 955 daret.
1664 913 1767 954 Num
1821 913 1931 968 quod
1976 912 2144 955 Prodici

156 982 302 1023 ficunt
314 982 351 1033 ⁸)
391 981 563 1021 eundem
599 981 824 1021 auditorem
856 980 1008 1031 fuisse,
1045 981 1218 1033 primum
1245 982 1416 1020 maxime
1451 981 1650 1021 incertum
1683 986 1767 1031 est,
1805 981 1993 1035 quoniam
2029 981 2147 1021 unius

160 1049 203 1090 in
230 1047 472 1089 Philostrati
497 1049 732 1089 testimonio
758 1049 920 1100 nititur,
947 1049 1095 1089 deinde
1121 1062 1220 1090 vero
1246 1049 1283 1088 si
1310 1048 1524 1101 probabile
1552 1054 1683 1100 esset,
1708 1049 1812 1089 nihil
1836 1054 2023 1090 mutaret.
2077 1048 2146 1090 Ex

159 1116 252 1170 ipso
288 1116 395 1157 enim
422 1116 698 1170 Xenophonte
733 1117 1017 1172 intelligimus,
1048 1130 1130 1172 qua
1165 1118 1324 1175 ratione
1352 1116 1520 1157 Prodici
1554 1117 1779 1157 doctrinam
1812 1131 1903 1157 cum
1929 1117 2150 1159 Socratica

158 1185 271 1238 necti
304 1196 429 1236 posse
463 1185 683 1237 putaverit,
724 1186 875 1238 quippe
910 1187 980 1238 qui
1020 1190 1234 1238 utrumque
1274 1186 1315 1224 in
1347 1184 1510 1225 virtutis
1543 1185 1678 1224 studio
1719 1191 1761 1225 et
1794 1186 2146 1226 commendatione

158 1253 325 1294 easdem
354 1252 471 1306 leges
497 1257 683 1293 secutum
710 1267 804 1294 esse
831 1257 1011 1294 censeat.
1054 1252 1289 1306 Xenophon
1317 1253 1421 1293 adeo
1449 1253 1539 1306 ipse
1566 1251 1738 1294 Herculi
1765 1253 1912 1294 similis
1937 1253 2018 1294 sibi
2044 1253 2148 1294 Pro-

161 1322 281 1363 diceo
321 1322 453 1363 videri
493 1322 626 1376 potuit
666 1336 793 1377 seque
833 1322 901 1362 uni
944 1320 1099 1363 Virtuti
1141 1323 1245 1363 duee
1287 1320 1461 1363 Socrate
1501 1322 1753 1363 edocendum
1789 1322 1979 1373 tradidit,
2027 1323 2146 1364 cuius

161 1389 280 1444 leges
308 1404 384 1444 per
409 1395 537 1431 totam
564 1391 688 1432 vitam
715 1390 954 1432 fidelissime
981 1394 1148 1432 secutus
1175 1396 1250 1432 est.

346 1459 499 1500 Urbem
528 1461 700 1511 patriam
735 1474 854 1513 quum
889 1459 1138 1513 relinqueret
1163 1459 1415 1513 Xenophon,
1448 1459 1644 1500 Socrates
1678 1466 1722 1500 ut
1754 1460 1898 1500 solitus
1925 1474 1978 1500 ex
2004 1459 2145 1500 multis

160 1528 277 1568 anuis
311 1527 465 1578 fuerat,
500 1541 590 1568 cum
626 1528 770 1568 amicis
803 1528 922 1568 simul
957 1533 1000 1568 et
1030 1528 1196 1569 vivebat
1227 1533 1270 1568 et
1297 1529 1546 1580 disserebat3
1582 1542 1701 1582 quum
1733 1543 1831 1570 vero
1866 1543 1919 1569 ex
1947 1528 2050 1568 Asia
2075 1542 2143 1569 re-

155 1596 319 1644 diisset,
347 1597 398 1636 ab
417 1596 741 1636 Atheniensibus
770 1597 929 1646 iisdem,
954 1596 1101 1649 quibus
1120 1610 1277 1636 omnem
1305 1594 1458 1650 ingenii
1477 1597 1556 1636 vim
1574 1597 1844 1649 virtutemque
1872 1597 2144 1649 impenderat,

161 1668 252 1705 erat
278 1664 493 1705 damnatus
518 1664 581 1705 vir
607 1665 934 1718 sapientissimus
961 1663 1354 1718 pulcherrimamque
1372 1665 1532 1705 obierat
1548 1669 1590 1704 et
1609 1664 1936 1706 honestissimam
1955 1670 2142 1707 mortem.

159 1731 271 1777 Quid
297 1732 456 1784 mirum,
483 1733 590 1787 quod
617 1733 668 1785 is,
694 1721 761 1788 qui
790 1733 899 1774 vitae
925 1733 1041 1786 leges
1069 1733 1120 1773 ab
1148 1733 1239 1787 ipso
1267 1733 1463 1786 magistro
1492 1733 1769 1786 praescriptas
1794 1733 2053 1775 sanctissime
2071 1746 2143 1775 oo·

157 1800 292 1841 luerat
318 1802 451 1854 iisque
477 1807 683 1855 tamquam
712 1802 860 1842 divinis
888 1801 1065 1841 oraculis
1093 1802 1462 1855 obtemperaverat,
1489 1814 1619 1855 eaque
1644 1801 1825 1852 ratione,
1851 1808 1897 1842 ut
1921 1803 2001 1842 sibi
2028 1802 2143 1843 vide-

159 1870 293 1919 batur,
320 1870 372 1909 ad
399 1868 681 1909 felicissimum
710 1871 843 1909 omnia
871 1871 1122 1922 perduxerat
1148 1871 1316 1921 exitum,
1343 1871 1451 1924 quod
1478 1870 1528 1919 is,
1554 1870 1736 1924 inquam,
1764 1870 1950 1910 Socratis
1975 1867 2143 1927 vids-&udi

160 1942 203 1978 et
229 1951 319 1977 eum
355 1951 405 1977 eo
440 1937 696 1991 colloquendi
730 1951 884 1977 summo
922 1937 1128 1978 desiderio
1163 1938 1427 1978 trahebatur?
1480 1937 1567 1977 Nec
1601 1939 1748 1977 desunt
1782 1938 1885 1989 loci,
1918 1939 1959 1978 in
1983 1939 2143 1993 squibus

158 2004 250 2058 ipse
276 2006 462 2059 magistri
491 2005 674 2046 absentis
702 2006 806 2046 hanc
831 2006 1156 2046 recordationem
1185 2006 1474 2047 iucundissime
1501 2005 1639 2059 attigit
1652 2007 1698 2055 ⁹).
1751 2005 1854 2047 Erat
1880 2007 2006 2061 igitur
2031 2008 2141 2048 idem

160 2073 240 2114 hoc
267 2075 515 2116 desiderium
550 2075 591 2114 in
620 2088 785 2126 caussa,
819 2088 893 2114 cur
925 2074 1064 2127 plures
1090 2073 1252 2116 libellos
1280 2074 1321 2114 in
1349 2075 1438 2115 eius
1465 2074 1660 2115 honorem
1687 2081 1962 2128 componeret,
1988 2077 2140 2131 quippe

160 2156 281 2196 quum
310 2144 463 2197 optime
491 2144 570 2184 hoc
596 2146 717 2184 modo
744 2143 1099 2197 pulcherrimeque
1126 2157 1216 2184 cnm
1246 2149 1514 2197 praeceptore
1531 2144 1810 2194 dilectissimo,
1838 2149 1883 2183 ut
1900 2149 2019 2183 antea
2043 2157 2141 2184 con·

158 2216 371 2262 sueva-at,
397 2217 539 2265 posset
565 2211 810 2252 conversari.
865 2211 923 2251 At
950 2211 1204 2252 accedebant
1230 2211 1337 2253 aliae
1364 2225 1548 2253 caussae.
1603 2210 1718 2251 Illius
1745 2210 1850 2251 euim
1878 2215 2140 2253 accusatores

159 2292 281 2332 quum
309 2293 446 2320 coram
476 2281 679 2320 iudicibus
705 2280 915 2330 vicissent,
941 2294 995 2320 ne
1022 2281 1184 2332 species
1209 2279 1318 2319 falsa
1345 2285 1651 2332 praeceptorem
1671 2280 1931 2331 opprimeret,
1958 2280 2138 2332 discipu.

160 2346 289 2388 lorum
309 2354 408 2389 erat
435 2349 476 2389 in
505 2348 667 2399 officiis,
693 2362 799 2402 quae
824 2349 904 2401 ipsi
933 2349 1119 2389 viderant
1145 2354 1188 2389 et
1213 2349 1440 2399 audierant,
1466 2349 1628 2401 publice
1646 2346 1838 2399 profiteri.
1874 2347 2013 2401 ‘Erant
2029 2348 2138 2388 eni-

160 2414 330 2456 crimina
364 2416 403 2458 ei
438 2416 640 2458 immerito
674 2416 835 2457 obiecta
862 2415 1054 2470 eluenda3
1089 2416 1358 2458 describenda
1392 2421 1482 2457 erat
1513 2416 1621 2458 vitae
1648 2414 1738 2456 eius
1764 2416 2016 2457 cousuetudo
2041 2416 2134 2459 sim-

158 2484 324 2537 pliciter
349 2490 392 2525 et
417 2497 535 2537 vere,
569 2489 659 2525 erat
686 2485 1004 2538 ingeniosissimi
1030 2485 1107 2524 viri
1135 2485 1270 2538 imago
1303 2482 1508 2525 coloribus
1542 2488 1731 2537 quantum
1757 2483 1847 2523 fieri
1880 2490 2046 2538 poterat
2069 2499 2139 2526 ve·

158 2553 334 2595 tissimis
370 2554 650 2607 depingenda3
685 2558 774 2594 erat
806 2553 841 2592 si
870 2567 948 2592 nou
984 2550 1214 2592 hominibus
1241 2553 1360 2592 istius
1386 2553 1558 2603 aetatis,
1590 2553 1822 2605 posteritati
1850 2559 1964 2594 certe
1993 2568 2141 2594 consu·

158 2620 321 2662 lendum
342 2621 400 2673 ¹⁰).
455 2621 506 2661 ld
546 2635 644 2663 vero
687 2635 736 2662 eo
777 2619 963 2673 cupidius
996 2620 1227 2674 Xenophon
1269 2621 1492 2674 sumpsisse
1526 2620 1606 2660 sibi
1648 2620 1850 2674 putandus
1890 2626 1954 2664 est
1993 2635 2139 2663 munus

365 2806 401 2846 8)
436 2802 617 2839 Schneider
637 2807 675 2840 ad
699 2805 782 2851 Exp.
804 2796 893 2849 cy'ri,
916 2805 959 2837 ΙΙ.
980 2807 1011 2838 0.
1034 2807 1084 2838 1⁶.
1106 2811 1141 2838 et
1161 2806 1201 2838 ad
1222 2805 1358 2839 Memor.
1375 2805 1436 2839 ll.v
1449 2807 1476 2846 l,
1496 2809 1549 2839 ⁴21.

274 2870 276 2872 ’
348 2858 404 2898 ’9)
437 2855 575 2890 memor.
596 2858 653 2891 Ν.
678 2860 705 2897 i,
731 2862 758 2891 1.
799 2860 903 2898 8,’11.

348 2910 402 2951 lo)
438 2907 481 2943 ib.
502 2907 559 2943 lv.
580 2911 612 2949 8,
637 2912 685 2944 10.
