2343 3197
365 956 635 1059 Felicem,
666 1002 860 1058 Meineki,
886 1003 1020 1055 ‚vitam
1052 1007 1185 1050 Tuam
1214 1006 1330 1049 hunc
1359 1018 1501 1062 usque
1531 1005 1590 1049 ad
1621 1002 1735 1049 diem
1766 1002 1900 1048 fuisse
1932 1003 2051 1056 etia
2082 1003 2171 1052 siu-

187 1087 323 1147 gulaii
355 1086 436 1138 dei
438 1087 608 1148 optimi
635 1086 811 1133 maximi
842 1090 972 1132 tutela
1003 1086 1200 1147 positum,
1232 1102 1382 1133 eorum
1405 1085 1480 1145 qui
1500 1089 1562 1131 Te
1582 1095 1748 1150 norunt,
1780 1086 1876 1146 quis
1904 1096 2173 1147 compertiu-

188 1188 278 1220 non
308 1173 499 1219 habeat?
547 1175 634 1218 lam
667 1171 781 1218 enim
813 1164 943 1231 quum
974 1174 1178 1231 puerulus
1201 1187 1337 1226 esses,
1368 1172 1425 1217 ab
1458 1169 1628 1231 optimis
1657 1169 1906 1231 perentibus
1938 1170 2172 1232 diligentis-

192 1257 303 1305 sime
336 1259 545 1304 educatus
576 1255 826 1316 llgenioque
857 1255 950 1303 viro
981 1271 1087 1302 vere
1123 1254 1281 1302 eximio
1313 1254 1575 1315 reliquisque
1606 1254 1960 1317 praeceptoribus
1993 1258 2169 1304 scholae

190 1344 403 1392 Por-tanae
445 1339 729 1386 dilectissimis
769 1339 964 1393 tradituS,
1006 1339 1142 1398 prima
1179 1339 1338 1398 ingenii
1373 1338 1600 1398 laudisque
1638 1342 1803 1385 futurae
1841 1340 2068 1390 ostendisti
2103 1341 2168 1387 in—

191 1424 320 1479 dicia,
359 1423 417 1469 ita
453 1433 500 1469 ut
536 1426 622 1469 hoc
658 1422 754 1483 ipso
792 1432 1004 1482 tempore,
1044 1438 1131 1481 quo
1165 1422 1443 1471 Christianum
1482 1421 1611 1468 filium
1643 1421 1905 1473 carissimum
1936 1425 2092 1471 eadem
2111 1423 2167 1473 ‚in

191 1517 333 1556 castra
350 1506 525 1562 misisti,
557 1515 770 1565 quaeest
800 1505 920 1552 istius
953 1508 1128 1552 scholae
1161 1508 1430 1553 consuetudo
1459 1514 1671 1565 pergrata,
1701 1521 1860 1552 nomen
1892 1509 2031 1558 Tuum,
2057 1522 2168 1553 non-

187 1595 290 1639 dum
329 1599 567 1637 emortuum
606 1590 676 1645 sit,
717 1593 800 1636 sed
838 1589 1010 1636 iuvenili
1052 1589 1316 1637 venerationi
1355 1605 1380 1635 a
1416 1588 1770 1650 praeceptoribus
1808 1592 2166 1637 commendatum.

186 1678 328 1730 Quum
360 1689 467 1721 vero
497 1676 665 1729 Portae>
686 1676 820 1719 decus
852 1672 1110 1732 aliquamdiu
1147 1672 1319 1727 fuisses,
1364 1680 1408 1720 et
1445 1687 1525 1732 per
1564 1687 1726 1732 paucos
1765 1687 1901 1719 annos
1938 1673 2169 1720 Hei-manni

184 1757 391 1820 philologi
422 1756 690 1803 celeberrimi
722 1772 846 1803 esses
877 1756 1076 1817 auspiciis
1108 1756 1291 1817 Lipsiae,
1308 1755 1497 1811 nutritus,
1528 1765 1700 1816 praeter
1726 1771 1891 1803 morem
1912 1759 2170 1804 adolescen-

189 1846 281 1892 mlo
319 1838 580 1887 Professoris
623 1855 779 1886 munus
822 1839 1168 1886 honestissimum
1213 1839 1305 1885 Tibi
1348 1842 1534 1885 delatum
1578 1840 1806 1900 suscepisti
1855 1856 1995 1901 eaque
2039 1857 2166 1901 quam

187 1924 382 1985 augin-uti
413 1928 580 1971 fueraut
600 1924 752 1970 virtute
773 1922 1083 1969 administrasti.
1131 1923 1221 1972 Vix,
1233 1932 1381 1973 autem,
1394 1922 1560 1969 virilem
1581 1932 1767 1970 aetatem
1787 1924 2001 1983 attigeras,
2034 1940 2166 1984 quum

186 2011 272 2057 iam
298 2011 537 2068 regendum
559 2007 652 2054 Tibi
675 2006 948 2067 Gymnasium
974 2006 1320 2062 laudatissimum,
1352 2009 1480 2066 quod·
1500 2007 1665 2053 Gedani
1697 2017 1764 2054 est
1795 2010 1910 2068 apud
1937 2011 2161 2063 Bornssoe,

184 2096 436 2141 traderetur.
498 2093 628 2145 Quod
659 2107 807 2150 quum(
826 2105 907 2150 per
938 2105 1075 2136 anuos
1107 2090 1268 2150 aliquot
1304 2094 1604 2152 gubernasses*
1628 2100 1672 2137 et
1703 2094 1759 2137 ad
1790 2093 1938 2141 florem
1969 2094 2161 2156 praecla-

185 2195 294 2232 rumr
312 2175 560 2223 evexisses:
593 2190 758 2220 summa
791 2174 1138 2234 exspectatione.
1161 2174 1233 2233 qui
1264 2177 1487 2235 apudnos
1508 2177 1640 2220 rebus
1660 2174 1923 2221 scholasticis
1944 2183 2160 2234 praesunt,

188 2260 434 2307 Berolinum
450 2262 518 2305 Te
526 2267 745 2314 vocarunt,
761 2258 866 2305 utin
881 2257 999 2304 urbis
1015 2257 1161 2318 regiae
1177 2257 1466 2318 splendor-ein
1483 2260 1630 2304 schola
1652 2256 1995 2312 celebratissima
2007 2273 2160 2305 omnes

184 2346 409 2390 facultates
442 2345 554 2389 Tuas
585 2341 849 2401 virtutesque
881 2350 1119 2391 monstrare
1151 2349 1194 2387 et
1223 2343 1410 2401 probare
1440 2356 1609 2400 posses.
1665 2343 1793 2395 Quod
1825 2340 1999 2400 quidem
2029 2355 2160 2401 quam

187 2425 617 2480 feliciterhevenerit„
647 2425 833 2485 quinque
872 2428 981 2472 haec
1012 2428 1145 2471 lusu-a
1176 2424 1279 2471 solis
1309 2427 1413 2475 luce*
1437 2424 1590 2470 clarius
1604 2471 1607 2473 ,
1622 2433 1896 2484 aperuerunt,
1933 2440 2015 2491 per
2046 2440 2159 2485 quae

184 2512 591 2566 summoshonores
612 2508 704 2557 Tibi
727 2518 770 2555 et
792 2508 907 2555 domi
929 2510 1112 2569 etapud
1128 2516 1304 2555 exteros
1326 2510 1495 2555 oblatos
1517 2523 1644 2563 esse,⁶
1662 2517 1706 2554 et
1724 2510 1842 2574 quod
1855 2507 1989 2569 pluris
2001 2517 2080 2569 est,
2112 2517 2159 2561 ut

184 2594 487 2656 discipulorum
518 2592 801 2641 reverentiam
834 2602 877 2639 et
908 2596 1167 2652 collegarum
1200 2591 1643 2643 coniunctissimum?
1657 2608 1862 2649 amorem,
1892 2592 1952 2640 ita
1970 2594 2161 2654 pruden-

181 2680 286 2727 tium
318 2682 628 2738 doctorumque
661 2678 844 2725 virorum
877 2676 1064 2724 omnium
1093 2679 1290 2737 plausum
1319 2679 1378 2722 Te
1409 2685 1654 2724 assecutum
1676 2693 1789 2733 esse,
1822 2693 1904 2725 nos
1926 2676 2005 2738 ipsi
2024 2685 2158 2723 testa-

183 2780 288 2812 mur.
352 2765 444 2810 Nec
465 2760 612 2809 schola
640 2765 790 2817 solum,
823 2763 903 2808 sed
935 2759 1073 2808 studia
1106 2758 1231 2807 etiam
1263 2759 1542 2817 humanitatis,
1573 2777 1686 2821 quae
1718 2764 1959 2809 scholarum
1990 2769 2157 2807 nostra·

1716 2844 1735 2885 1
1756 2845 1775 2864 0
