2343 3197
179 182 237 229 10

176 286 416 344 afferuntur,
448 299 493 332 ut
519 291 597 330 iam
627 288 872 342 saepissime
899 289 1134 328 adnotatum
1161 291 1241 338 est,
1265 301 1371 342 quae
1398 288 1592 340 speciosa
1617 290 1760 345 magis,
1788 305 1912 346 qnam
1936 307 2035 336 vera
2060 299 2169 347 sunt,

178 369 366 419 quaeque
393 359 555 401 omnino
588 371 669 399 non
703 361 877 411 possunt
904 355 1081 410 probari.
1135 354 1237 397 Inde
1270 359 1405 406 recte,
1436 355 1517 396 nisi
1546 355 1689 410 fallor,
1723 354 1949 413 colligitur,
1980 362 2170 413 Socratis¹

175 429 418 486 sapientiam
441 438 616 478 omnem,
636 438 755 481 quam
777 425 887 481 apud
907 424 1226 478 Xenophontem
1248 423 1485 475 invenimus,
1505 438 1600 467 esse
1621 427 1674 469 ab
1696 426 1775 470 hoe
1798 427 1999 483 discipulo
2022 430 2166 483 plausu

179 504 403 551 acceptam.
444 495 629 536 Alterum
648 500 795 535 eontra
811 509 891 534 non
908 493 1060 546 poterit
1078 494 1365 544 demonstrari,
1388 493 1575 534 Socratis
1593 508 1687 535 esse
1706 498 1855 547 omnia,
1880 510 1985 551 quae
2004 510 2059 538 ex
2076 498 2167 552 eins

179 582 249 610 ore
276 565 487 615 nobiscum
516 564 874 605 communicentur.
929 561 996 602 Ita
1022 562 1058 602 si
1085 559 1282 601 Socrates
1316 562 1358 601 in
1386 562 1588 616 colloquio
1615 563 1907 617 celeberrimo,
1939 568 2047 620 qnod
2074 580 2165 607 cum

175 633 356 677 Periclis
382 632 468 674 filio
497 631 694 673 habuisse
714 630 938 683 dicitur¹⁸)‚
964 634 1171 684 postremo
1191 628 1323 681 addit,
1352 628 1517 672 Atticos
1534 629 1636 672 fines
1654 631 1807 685 optime
1827 633 1879 674 ab
1898 634 2166 688 adolescenti·

172 706 252 746 bus
279 701 425 743 leviori
452 705 662 740 armatura
688 701 777 740 usis
804 704 948 740 contra
964 698 1255 740 Thebanorum
1283 698 1540 740 incursiones
1566 703 1677 741 tutos
1693 699 1809 741 reddi
1830 713 1968 754 posse,
1987 716 2171 758 eamque,

175 775 228 815 ad
255 786 343 813 rem
371 770 730 811 demonstrandam
759 769 965 819 Mysorum
989 767 1300 821 Pisidarumque
1328 768 1560 822 exemplum
1586 768 1727 820 affert,
1752 769 1822 823 qui
1848 769 1994 812 leviter
2021 773 2166 813 armati

174 842 410 888 Persarum·
427 838 640 892 imperium
668 836 867 879 infestare
902 850 1097 891 suamque
1130 835 1361 876 libertatem
1387 836 1495 876 tueri
1523 837 1701 880 soleant:
1735 852 1814 879 non
1841 852 1965 892 posse
1992 854 2043 881 ea
2070 846 2166 895 apte

173 913 284 953 iuter
310 924 357 960 se
385 906 567 949 conferri
594 921 670 960 per
697 921 742 947 se
770 911 895 959 patet.
950 904 1039 945 lam
1066 905 1102 944 si
1127 904 1361 958 Xenophon
1389 905 1555 946 eosdem
1589 907 1764 959 populos
1791 907 1833 948 in
1859 907 2043 949 Anabasi
2071 923 2165 950 ean-

176 982 270 1021 dem
305 979 357 1018 ob
393 989 558 1025 causam
592 979 900 1027 commemorat,
934 978 979 1014 nt
1006 972 1259 1014 Graecorum
1294 972 1545 1015 exercitibus
1580 977 1771 1016 ostendat
1803 977 1928 1017 etiam
1961 977 2095 1031 medio
2123 977 2167 1017 in

176 1049 397 1090 Persarum
425 1059 553 1098 regno
579 1044 838 1084 versantibus
865 1042 970 1082 nihil
997 1055 1090 1082 esse
1115 1042 1359 1093 timendum,
1384 1042 1472 1082 suis
1498 1043 1714 1084 dummodo
1740 1045 1896 1086 viribus
1923 1049 2086 1085 utantur
2098 1047 2166 1093 ¹⁹st

174 1118 233 1159 ibi
268 1131 322 1158 ea
361 1116 513 1168 optime
554 1112 865 1166 rectissimeque
905 1110 1188 1164 proferuntur,
1233 1125 1338 1165 quae
1371 1111 1414 1152 in
1449 1110 1637 1152 Socratis
1670 1127 1858 1154 sermone
1891 1098 2025 1154 nimis·
2042 1114 2166 1168 longe

175 1185 355 1240 repetita
388 1188 431 1224 et
463 1196 608 1236 parum
632 1181 855 1225 ¹commoda
881 1184 986 1221 sunt.
1040 1178 1171 1220 Multo
1204 1179 1330 1233 igitur
1367 1180 1619 1233 probabilius
1646 1185 1731 1233 est,
1757 1182 1861 1223 haec
1887 1181 2167 1236 Xenophonti,

176 1267 298 1308 quam
333 1251 499 1291 Socrati
534 1251 577 1289 in
611 1253 788 1289 mentem
821 1249 997 1288 venisse.
1053 1247 1173 1287 Alius
1200 1247 1366 1300 generis
1393 1253 1457 1288 est
1483 1248 1600 1288 locus
1627 1249 1667 1288 in
1696 1248 1972 1291 Oeconomico
1983 1251 2052 1303 2⁰),
2086 1265 2164 1304 quo

177 1324 229 1364 de
258 1319 560 1372 Persici‘regis
587 1317 860 1371 agriculturae
888 1316 1069 1369 artisque
1099 1315 1272 1356 bellicae
1300 1316 1451 1367 studio,
1478 1316 1655 1370 Cyrique
1674 1318 1855 1369 minoris,
1882 1333 2001 1372 quem
2024 1333 2166 1372 regem

175 1390 376 1445 appellat,
406 1386 671 1439 expeditione
699 1390 742 1425 et
768 1389 919 1436 morte,
952 1383 1240 1438 Lysandrique
1268 1397 1371 1446 cum!
1387 1383 1491 1435 Cyro
1520 1385 1723 1439 colloquio
1750 1386 1878 1427 multa
1902 1388 2028 1428 verba
2054 1387 2168 1438 facit,

176 1473 282 1514 quae
310 1458 352 1497 in
380 1455 570 1496 Socratis
598 1454 761 1509 quidem
795 1458 971 1494 mentem
1006 1453 1146 1494 venire
1180 1466 1383 1505 nunquam
1416 1458 1648 1505 potueruut.
1702 1454 1928 1495 Permirum
1962 1456 2166 1509 profecto,

175 1528 283 1584 quod
311 1526 402 1579 ipse
428 1523 665 1577 Xenophon
693 1522 798 1563 hacc
825 1535 919 1563 sese
947 1521 1153 1563 audivisse
1181 1535 1207 1561 a
1234 1519 1407 1562 Socrate
1434 1520 1718 1576 profitetur-2¹).
1773 1521 1891 1565 Haec
1919 1524 2044 1578 igitur
2071 1540 2167 1566 con·

172 1597 268 1638 silio
296 1610 390 1636 esse
418 1594 605 1634 instituta
638 1597 680 1632 et
714 1606 740 1631 a
773 1593 931 1631 sciente
967 1597 1010 1631 et
1040 1591 1202 1631 volente
1236 1591 1438 1643 scriptore
1472 1592 1673 1641 admissa,
1704 1606 1822 1632 nemo
1857 1594 2089 1647 negaverit,
2122 1599 2168 1634 ut

173 1670 331 1720 pateat,
358 1664 399 1704 iu
429 1660 706 1703 Oeconomico
735 1664 847 1701 certe
873 1658 1191 1712 Xenophontem
1220 1673 1271 1700 ne
1299 1659 1505 1700 occultare
1533 1660 1695 1712 quidem
1724 1661 1918 1712 voluisse,
1951 1662 2165 1702 Socratem

180 1735 453 1776 disserentem
481 1729 613 1782 ipsius
640 1742 756 1768 usum
784 1742 878 1768 esse
905 1727 1127 1778 thesauris,
1153 1727 1278 1767 multo
1306 1727 1448 1784 labore
1477 1731 1519 1767 et
1545 1727 1727 1780 periculo
1753 1729 1922 1782 paratis.
1963 1729 2052 1771 Nec
2067 1744 2166 1772 vero

178 1804 240 1844 ita
252 1801 372 1842 nobis
386 1798 560 1840 iudicari
577 1802 727 1850 potest,
746 1798 813 1837 ubi
834 1797 885 1837 de
905 1797 1091 1850 partibus
1109 1795 1395 1849 philosophiae
1407 1810 1634 1852 sermonem
1651 1797 1901 1849 instituebat,
1921 1800 2068 1852 quibus
2081 1806 2165 1839 tam

174 1881 319 1926 parum
329 1868 558 1921 Xenophon
573 1865 690 1917 favit,
706 1870 750 1906 nt
764 1866 805 1905 in
820 1866 872 1906 iis
887 1865 1049 1919 quidem
1062 1878 1214 1905 novare
1228 1865 1446 1920 quidquam
1461 1864 1704 1919 Socratique
1717 1870 1918 1920 tamquam
1934 1870 2164 1910 mercedem
2210 1859 2213 1861 ’

175 1941 354 1993 aliquam
382 1935 628 1988 disciplinae
656 1933 815 1974 referre
842 1929 976 1985 neque
1003 1931 1178 1973 voluerit
1205 1946 1336 1986 neque
1364 1933 1553 1985 potuerit.
1594 1933 1654 1975 ,ld
1681 1935 1845 1987 quidem
1876 1935 2060 1976 Platonis
2088 1937 2165 1978 fuit

175 2008 312 2049 divino
341 2004 507 2057 ingenio
535 2002 799 2055 permissum3
841 2002 950 2053 apud
976 2000 1294 2054 Xenophontem
1322 2001 1517 2041 Socrates
1551 2006 1597 2041 ut
1623 2002 1723 2041 nihil
1751 2003 1828 2043 nisi
1857 2018 1962 2057 quae
1990 2005 2165 2046 hnmana

176 2080 337 2126 essent,
369 2077 551 2114 tractare
580 2069 838 2121 audebatae),
871 2070 926 2109 ita
954 2083 1067 2108 suam
1096 2069 1360 2123 persequitur
1385 2068 1596 2122 virtutem,
1629 2084 1748 2124 quam
1777 2086 1932 2112 smnmo
1960 2074 2095 2114 studio
2124 2081 2164 2116 et

176 2143 414 2185 admirando
442 2141 606 2181 fervore
635 2138 844 2189 exercuit3
870 2138 1050 2177 moribus
1078 2138 1241 2190 optimis
1270 2151 1314 2177 se
1342 2142 1429 2178 toto
1457 2139 1591 2178 animo
1620 2140 1747 2190 dedit,
1776 2140 1982 2193 pietatem,
2009 2148 2162 2197 tempe-

174 2213 364 2262 rantiam,
391 2209 589 2252 iustitiam
617 2208 758 2258 coluit,
784 2207 959 2260 plurima
976 2206 1080 2247 scitu
1100 2207 1341 2261 dignissima
1368 2207 1566 2260 imprimis
1591 2214 1721 2249 artem
1750 2210 1928 2261 dicendi,
1953 2216 2163 2267 artemque

175 2280 482 2337 imperatoriam
518 2278 625 2320 inter
657 2276 867 2331 principes
903 2275 1077 2316 omnium
1110 2280 1335 2330 temporum
1370 2275 1543 2318 Socrate
1585 2292 1754 2320 suasore
1788 2284 1831 2320 et
1865 2285 2032 2322 auctore
2065 2296 2163 2323 usus

177 2352 344 2403 didicit3
371 2364 397 2390 a
423 2348 598 2403 physica
625 2351 759 2388 autem
788 2344 1053 2398 philosophia
1072 2345 1213 2385 mirum
1241 2350 1433 2400 quantum
1461 2345 1604 2388 abfuit.

361 2418 512 2458 Mirum
540 2421 604 2456 est
630 2415 832 2468 profecto,
867 2414 975 2466 quod
1011 2414 1052 2453 in
1085 2413 1201 2454 libris
1236 2415 1422 2455 omnibus
1447 2416 1501 2470 de
1530 2414 1704 2457 Socrate
1730 2418 1898 2471 scriptis
1924 2433 1971 2460 se
1998 2420 2162 2474 quidem

365 2578 417 2617 18)
440 2576 540 2609 Mein.
559 2574 621 2615 111,
642 2576 675 2609 5.

366 2630 421 2669 19)
444 2627 547 2661 Anab.
569 2627 631 2668 111,
652 2630 683 2666 2,
704 2629 757 2658 24.

363 2682 421 2720 20)
443 2680 520 2713 Oce.
538 2682 571 2719 4,
593 2683 614 2713 Α
635 2689 707 2723 sqq.

361 2734 419 2772 21)
443 2731 519 2764 Oee.
540 2732 566 2771 Ι,
592 2735 621 2764 Ι.
652 2730 727 2764 Non
749 2741 835 2773 nego
856 2741 950 2769 vero,
972 2728 1182 2763 dubitationis
1205 2730 1287 2762 hanc
1309 2741 1383 2763 esse
1405 2742 1544 2772 eausam,
1567 2739 1676 2766 utrum
1698 2745 1778 2767 vere
1800 2734 1852 2769 hic
1873 2736 2002 2770 libellus
2018 2749 2034 2769 a
2050 2737 2160 2771 xeno.

175 2791 298 2837 phonte
319 2786 472 2829 scriptus,
495 2794 536 2815 sn
557 2783 596 2815 ab
619 2783 683 2816 alio
706 2783 843 2827 quodam
864 2781 1056 2825 suppositus
1075 2782 1129 2815 sit.
1157 2782 1215 2815 ve!
1232 2782 1336 2827 possit
1357 2782 1447 2816 loeus
1469 2784 1532 2817 iste
1553 2784 1636 2818 male
1659 2786 1803 2820 intrusus
1818 2799 1904 2821 esse.
1933 2789 1996 2822 Sed
2013 2788 2052 2821 ab
2070 2790 2159 2825 initio

175 2853 279 2888 usque
301 2841 341 2874 ad
363 2838 460 2871 tinem
485 2843 550 2868 tam
573 2842 684 2878 aperta
705 2842 758 2868 est
778 2834 1009 2879 Xenophontis
1031 2846 1152 2876 manus,
1174 2841 1212 2867 ut
1232 2834 1311 2868 nihil
1334 2835 1397 2868 nisi
1420 2837 1503 2880 quod
1526 2848 1626 2881 supra
1648 2837 1726 2880 dixi,
1748 2850 1932 2884 proponere
1953 2842 2097 2875 audeam.

358 2890 416 2932 22)
440 2886 616 2923 Momm-ab.
638 2886 665 2928 l,
689 2890 715 2927 1,
744 2890 777 2920 11
795 2898 867 2932 sqq.
